
% BibTeX Entries
@misc{Twitter,
  title = {Twitter Documentation},
  howpublished = {\url{https://dev.twitter.com/overview/documentation}},
  publisher="Twitter, Inc.",
  year=2014,
  note = {Accessed: 2014-8-20}
}

@book{TwitterBook,
 author               = {Tim O'Reilly},
 title            	= {The Twitter Book},
 publisher            = "O'Reilly Media, Inc",
 year                 = {2009},
 }

@misc{Kiri,
  title = {KIRI API v2 Documentation},
  howpublished = {\url{https://bitbucket.org/projectkiri/kiri_api/wiki/KIRI%20API%20v2%20Documentation}},
  publisher="Kiri Team",
  year=2014,
  note = {Accessed: 2014-8-21}
}

@misc{Twitter4J,
  title = {Twitter4J Documentation},
  howpublished = {\url{http://twitter4j.org/javadoc/index.html}},
  publisher="Twitter4J Team",
  year=2014,
  note = {Accessed: 2014-8-29}
}

@misc{Json,
  title = {JSON Documentation},
  howpublished = {\url{http://json.org/}},
  publisher="JSON Team",
  year=2014,
  note = {Accessed: 2015-4-05}
}
